<?xml version="1.0" encoding="UTF-8"?><record xmlns="http://www.loc.gov/MARC21/slim" xmlns:cinclude="http://apache.org/cocoon/include/1.0" xmlns:zs="http://www.loc.gov/zing/srw/">
  <leader>00754cz  a2200181n  4500</leader>
  <controlfield tag="001">no2015135769</controlfield>
  <controlfield tag="003">DLC</controlfield>
  <controlfield tag="005">20160330075246.0</controlfield>
  <controlfield tag="008">151012n| azannaabn          |n aaa     c</controlfield>
  <datafield tag="010" ind1=" " ind2=" ">
    <subfield code="a">no2015135769</subfield>
  </datafield>
  <datafield tag="035" ind1=" " ind2=" ">
    <subfield code="a">(OCoLC)oca10292469</subfield>
  </datafield>
  <datafield tag="040" ind1=" " ind2=" ">
    <subfield code="a">UPB</subfield>
    <subfield code="b">eng</subfield>
    <subfield code="e">rda</subfield>
    <subfield code="c">UPB</subfield>
    <subfield code="d">HU</subfield>
  </datafield>
  <datafield tag="100" ind1="1" ind2=" ">
    <subfield code="a">Götsch, Michaela</subfield>
  </datafield>
  <datafield tag="373" ind1=" " ind2=" ">
    <subfield code="a">Universität für Angewandte Kunst Wien</subfield>
    <subfield code="2">naf</subfield>
  </datafield>
  <datafield tag="374" ind1=" " ind2=" ">
    <subfield code="a">Teachers</subfield>
    <subfield code="2">lcsh</subfield>
  </datafield>
  <datafield tag="375" ind1=" " ind2=" ">
    <subfield code="a">female</subfield>
  </datafield>
  <datafield tag="377" ind1=" " ind2=" ">
    <subfield code="a">eng</subfield>
  </datafield>
  <datafield tag="670" ind1=" " ind2=" ">
    <subfield code="a">Perspectives on art education, 2015:</subfield>
    <subfield code="b">title page (edited by Michaela Götsch) page 187 (Michaela Götsch works as a research assistant at the Institute of Art Sciences and Art Education at the University of Applied Arts Vienna. She is a teacher of Arts, Textile Design, Design and Technology at secondary level)</subfield>
  </datafield>
</record>